@report{aristophanesKikkers405,
  title = {Kikkers},
  author = {Aristophanes},
  translator = {family=Scheltema, given=M., prefix=d'Hane-, useprefix=true},
  year = {405 v.Chr.}
}

@book{boswellChristianitySocialTolerance1980,
  title = {Christianity, Social Tolerance, and Homosexuality: Gay People in {{Western Europe}} from the Beginning of the {{Crhistian}} Era to the Fourteenth Century.},
  author = {Boswell, J.E.},
  date = {1980},
  location = {{Chicago; Londen}}
}

@article{boswellConceptsExperienceSexuality1990,
  title = {Concepts, {{Experience}} and {{Sexuality}}},
  author = {Boswell, J.E.},
  date = {1990}
}

@dataset{chatgptResponseHoeverreDenk2023,
  title = {Response to: {{In}} Hoeverre Denk Je Dat de Redevoering Een Representatieve Weergave Is van de {{Atheense}} Cultuur En Maatschappij?},
  author = {ChatGPT},
  date = {2023},
  url = {https://chat.openai.com/}
}

@artwork{dourisAtticRedFigure,
  title = {Attic {{Red Figure}}},
  shorttitle = {{{ARV2}}, 444, 239; {{Beazley Addenda}} 2, 240.},
  author = {Douris and Python},
  url = {https://www.perseus.tufts.edu/hopper/artifact?name=W%26%23252%3Brzburg+L+482&object=Vase},
  abstract = {Tondo: man carrying a hare, talking to a boy in the palaestra.}
}

@book{halperinOneHundredYears1990,
  title = {One Hundred Years of Homosexuality and Other Essays on Greek Love},
  author = {Halperin, D.M.},
  date = {1990},
  location = {{New York; Londen}}
}

@book{halperinThereHistorySexuality1989,
  title = {Is There a History of Sexuality?},
  author = {Halperin, D.M.},
  date = {1989}
}

@inreference{Homoseksueel2023,
  title = {Homoseksueel},
  date = {2023},
  publisher = {{van Dale uitgevers}},
  url = {https://www.vandale.nl/gratis-woordenboek/nederlands/betekenis/homoseksueel}
}

@book{naereboutOudheidGriekenRomeinen2022,
  title = {De Oudheid; {{Grieken}} En {{Romeinen}} in de Context van de Wereldgeschiedenis},
  author = {Naerebout, F.G. and Singor, H.W.},
  date = {2022},
  location = {{Amsterdam}}
}

@incollection{pettegreeProvincialNewsCommunity2007,
  title = {A Provincial News Community in Sixteenth-Century {{Europe}}},
  booktitle = {Chapter {{Two}}; {{Public Opinion}} and {{Changing Identities}} in the {{Early Modern Netherlands}}},
  author = {Pettegree, Andrew},
  date = {2007},
  location = {{Leiden}}
}

@book{platoSymposium189d-193a,
  title = {Symposium},
  author = {Plato},
  translator = {Koolschijn, G.},
  year = {189d-193a}
}

@article{plutarchusLevenVanAlcibiades120,
  title = {Leven van {{Alcibiades}}},
  author = {Plutarchus},
  translator = {family=Rooijen Dijkman, given=H.W.A, prefix=van, useprefix=true},
  year = {46 - 120 n.Chr. (circa)}
}

@report{plutarchusLevenVanPelopidas120,
  title = {Leven van {{Pelopidas}}},
  author = {Plutarchus},
  translator = {family=Dolen, given=H., prefix=van, useprefix=true},
  year = {46 - 120 n.Chr. (circa)}
}

@book{pollmannPublicOpinionChanging2007,
  title = {Public Opinion and Changing Identities in the Early Modern {{Netherlands}}. {{Essays}} in {{Honour}} of {{Alastair Duke}}},
  author = {Pollmann, Judith and Spicer, Andrew},
  date = {2007},
  location = {{Leiden}}
}

@incollection{sawyerMediumMessagePolitical2007,
  title = {Medium and Message. {{Political}} Prints in the {{Dutch}} Republic, 1568 - 1632},
  booktitle = {Chapter {{Nine}}; {{Public Opinion}} and {{Changing Identities}} in the {{Early Modern Netherlands}}},
  author = {Sawyer, Andrew},
  date = {2007},
  location = {{Leiden}}
}

@artwork{SianaCup575BC,
  title = {Siana Cup},
  year = {575BC-550BC (circa) (circa)},
  url = {https://www.britishmuseum.org/collection/object/G_1886-0401-1222},
  abstract = {Tondo sherd of Attic black-figured pottery Siana cup with turn of foot, black-figure decoration consisting of man courting youth}
}

@book{stenslandHabsburgCommunicationDutch2012,
  title = {Habsburg Communication in the {{Dutch Revolt}}},
  author = {Stensland, Monica},
  date = {2012},
  location = {{Amsterdam}}
}

@article{vandersteenRememberingRevoltLow2018,
  title = {Remembering the {{Revolt}} of the {{Low Countries}}: {{Historical Canon Formation}} in the {{Dutch Republic}} and {{Habsburg Netherlands}}},
  author = {family=Steen, given=Jasper, prefix=van der, useprefix=true},
  date = {2018},
  volume = {49:3},
  pages = {713--741}
}

@incollection{vannieropYeShallHear2007,
  title = {‘{{And}} Ye Shall Hear of Wars and Rumours of Wars’. {{Rumour}} and the Revolt of the {{Netherlands}}},
  booktitle = {Chapter {{Four}}; {{Public Opinion}} and {{Changing Identities}} in the {{Early Modern Netherlands}}},
  author = {family=Nierop, given=Henk, prefix=van, useprefix=true},
  date = {2007},
  location = {{Leiden}}
}
