@book{pollmannPublicOpinionChanging2007,
  title = {Public Opinion and Changing Identities in the Early Modern {{Netherlands}}. {{Essays}} in {{Honour}} of {{Alastair Duke}}},
  author = {Pollmann, Judith and Spicer, Andrew},
  date = {2007},
  location = {{Leiden}}
}

@book{stenslandHabsburgCommunicationDutch2012,
  title = {Habsburg Communication in the {{Dutch Revolt}}},
  author = {Stensland, Monica},
  date = {2012},
  location = {{Amsterdam}}
}

@article{vandersteenRememberingRevoltLow2018,
  title = {Remembering the {{Revolt}} of the {{Low Countries}}: {{Historical Canon Formation}} in the {{Dutch Republic}} and {{Habsburg Netherlands}}},
  author = {family=Steen, given=Jasper, prefix=van der, useprefix=true},
  date = {2018},
  volume = {49:3},
  pages = {713--741}
}
